@book{Fulkerson SolidWorks,

  title={El Gran Libro de Solidworks: Office Profesional},

  author={Gonz{\'a}lez, S.G.},

  isbn={9788426714589},

  series={Colecci{\'o}n: El gran libro de},

  url={https://books.google.cl/books?id=TVAoPwAACAAJ},

  year={2007},
  publisher={Marcombo}
}

@book{camposvectoriales,

  title={El Gran Libro de Solidworks: Office Profesional},

  author={Gonz{\'a}lez, S.G.},

  isbn={9788426714589},

  series={Colecci{\'o}n: El gran libro de},

  url={https://books.google.cl/books?id=TVAoPwAACAAJ},

  year={2007},
  publisher={Marcombo}
}