% Encoding: UTF-8
@article{Solvingwithbempp,
    title = {{Solving boundary integral problems with BEM++}},
    author = {W. \'{S}migaj and T. Betcke and S. Arridge and J. Phillips and M. Schweiger},
    year = {{2015}},
    journal = {{ACM Transactions on mathematical software}},
    volume = {{41}},
    number = {{2}},
    pages = {{6:1--6:40}},
    doi = {{10.1145/2590830}},
}


@book{Brebbia,
  title={Boundary Elements: An Introductory Course},
  author={Brebbia, C.A. and Dominguez, J.},
  isbn={9781853123498},
  url={https://books.google.cl/books?id=YBElJxdldHYC},
  year={1994},
  publisher={Sydney Grammar School Press},
}

@book{bempp,
  title={bempp services},
  url={https://bempp.com/},
	}

@book{Gmsh,
  title={Gmsh},
  url={http://gmsh.info/},
	}
	
@book{WikipediaVectorial,
  title={Articulo wikipedia. Campo Vectorial.},
  url={https://es.wikipedia.org/wiki/Campo_vectorial},
	}

@book{Meshlab, booktitle = {Eurographics Italian Chapter Conference}, editor = {Vittorio Scarano and Rosario De Chiara and Ugo Erra}, title = {{MeshLab: an Open-Source Mesh Processing Tool}}, author = {Cignoni, Paolo and Callieri, Marco and Corsini, Massimiliano and Dellepiane, Matteo and Ganovelli, Fabio and Ranzuglia, Guido}, year = {2008}, publisher = {The Eurographics Association}, ISBN = {978-3-905673-68-5}, DOI = {10.2312/LocalChapterEvents/ItalChap/ItalianChapConf2008/129-136} }

@book{serway2015fisica,
  title={Fisica para ciencias e ingenieria. Vol. 2 (9a. ed.).},
  author={Serway, R.A. and Jewett, J.W. and Gonz{\'a}lez, S.R.C.},
  isbn={9786075192017},
  url={https://books.google.cl/books?id=zVuXAQAACAAJ},
  year={2015},
  publisher={CENGAGE Learning}
}

@book{camposvectoriales,
  title={Campos vectoriales.},
  url={http://www.mate.unlp.edu.ar/practicas/114_8_16062015111652.pdf},
  publisher={Universidad Nacional de la Plata},
  year={2014},
}	




@Comment{jabref-meta: databaseType:bibtex;}
